

@article{krizhevsky2012imagenet,
	title={Imagenet classification with deep convolutional neural networks},
	author={Krizhevsky, Alex and Sutskever, Ilya and Hinton, Geoffrey E},
	journal={Advances in neural information processing systems},
	volume={25},
	year={2012}
}
@inproceedings{chakole2023tutorial,
	title={Tutorial on Automated Trading using API},
	author={Chakole, Jagdish and Kurhekar, Manish},
	booktitle={Proceedings of the 6th Joint International Conference on Data Science \& Management of Data (10th ACM IKDD CODS and 28th COMAD)},
	pages={305--307},
	year={2023}
}
@inproceedings{chakole2021convolutional,
	title={Convolutional Neural Network-based a Novel Deep Trend Following Strategy for Stock Market Trading.},
	author={Chakole, Jagdish and Kurhekar, Manish P},
	booktitle={CIKM Workshops},
	year={2021}
}

@article{sutskever2014sequence,
	title={Sequence to sequence learning with neural networks},
	author={Sutskever, Ilya and Vinyals, Oriol and Le, Quoc V},
	journal={Advances in neural information processing systems},
	volume={27},
	year={2014}
}


@article{bahdanau2014neural,
	title={Neural machine translation by jointly learning to align and translate},
	author={Bahdanau, Dzmitry and Cho, Kyunghyun and Bengio, Yoshua},
	journal={arXiv preprint arXiv:1409.0473},
	year={2014}
}
@article{cho2014learning,
	title={Learning phrase representations using RNN encoder-decoder for statistical machine translation},
	author={Cho, Kyunghyun and Van Merri{\"e}nboer, Bart and Gulcehre, Caglar and Bahdanau, Dzmitry and Bougares, Fethi and Schwenk, Holger and Bengio, Yoshua},
	journal={arXiv preprint arXiv:1406.1078},
	year={2014}
}
@article{he2023novel,
	title={A novel non-ferrous metal price hybrid forecasting model based on data preprocessing and error correction},
	author={He, Zhichao and Huang, Jianhua},
	journal={Resources Policy},
	volume={86},
	pages={104189},
	year={2023},
	publisher={Elsevier}
}
@article{kriechbaumer2014improved,
	title={An improved wavelet--ARIMA approach for forecasting metal prices},
	author={Kriechbaumer, Thomas and Angus, Andrew and Parsons, David and Casado, Monica Rivas},
	journal={Resources Policy},
	volume={39},
	pages={32--41},
	year={2014},
	publisher={Elsevier}
}
@article{kristjanpoller2017volatility,
	title={Volatility of main metals forecasted by a hybrid ANN-GARCH model with regressors},
	author={Kristjanpoller, Werner and Hern{\'a}ndez, Esteban},
	journal={Expert Systems with Applications},
	volume={84},
	pages={290--300},
	year={2017},
	publisher={Elsevier}
}
@article{hajek2022fuzzy,
	title={Fuzzy rule-based prediction of gold prices using news affect},
	author={Hajek, Petr and Novotny, Josef},
	journal={Expert Systems with Applications},
	volume={193},
	pages={116487},
	year={2022},
	publisher={Elsevier}
}
@article{guha2016gold,
	title={Gold price forecasting using ARIMA model},
	author={Guha, Banhi and Bandyopadhyay, Gautam},
	journal={Journal of Advanced Management Science},
	volume={4},
	number={2},
	year={2016}
}
@article{zhou2019precious,
	title={Precious metal price prediction based on deep regularization self-attention regression},
	author={Zhou, Junhao and He, Zhanhong and Song, Ya Nan and Wang, Hao and Yang, Xiaoping and Lian, Wenjuan and Dai, Hong-Ning},
	journal={IEEE Access},
	volume={8},
	pages={2178--2187},
	year={2019},
	publisher={IEEE}
}

@article{liu2020non,
	title={Non-ferrous metals price forecasting based on variational mode decomposition and LSTM network},
	author={Liu, Yishun and Yang, Chunhua and Huang, Keke and Gui, Weihua},
	journal={Knowledge-Based Systems},
	volume={188},
	pages={105006},
	year={2020},
	publisher={Elsevier}
}

@article{astudillo2020copper,
	title={Copper price prediction using support vector regression technique},
	author={Astudillo, Gabriel and Carrasco, Ra{\'u}l and Fern{\'a}ndez-Campusano, Christian and Chac{\'o}n, M{\'a}x},
	journal={applied sciences},
	volume={10},
	number={19},
	pages={6648},
	year={2020},
	publisher={MDPI}
}

@article{li2023novel,
	title={A Novel Non-Ferrous Metals Price Forecast Model Based on LSTM and Multivariate Mode Decomposition},
	author={Li, Zhanglong and Yang, Yunlei and Chen, Yinghao and Huang, Jizhao},
	journal={Axioms},
	volume={12},
	number={7},
	pages={670},
	year={2023},
	publisher={MDPI}
}
@article{mendez2019artificial,
	title={Artificial intelligence modelling framework for financial automated advising in the copper market},
	author={M{\'e}ndez-Su{\'a}rez, Mariano and Garc{\'\i}a-Fern{\'a}ndez, Francisco and Gallardo, Fernando},
	journal={Journal of Open Innovation: Technology, Market, and Complexity},
	volume={5},
	number={4},
	pages={81},
	year={2019},
	publisher={MDPI}
}

@article{shao2019nickel,
	title={Nickel price forecast based on the LSTM neural network optimized by the improved PSO algorithm},
	author={Shao, Bilin and Li, Maolin and Zhao, Yu and Bian, Genqing},
	journal={Mathematical Problems in Engineering},
	volume={2019},
	year={2019},
	publisher={Hindawi}
}
@article{gu2021forecasting,
	title={Forecasting Nickel futures price based on the empirical wavelet transform and gradient boosting decision trees},
	author={Gu, Qinghua and Chang, Yinxin and Xiong, Naixue and Chen, Lu},
	journal={Applied Soft Computing},
	volume={109},
	pages={107472},
	year={2021},
	publisher={Elsevier}
}
@article{zhao2022risk,
	title={Risk control of metal raw materials based on deep learning},
	author={Zhao, Cheng and Wang, Yexin and Cen, Yuefeng and Wu, Lebin and Zhou, Jie},
	journal={Measurement and Control},
	volume={55},
	number={9-10},
	pages={1016--1030},
	year={2022},
	publisher={SAGE Publications Sage UK: London, England}
}

@article{vaswani2017attention,
	title={Attention is all you need},
	author={Vaswani, Ashish and Shazeer, Noam and Parmar, Niki and Uszkoreit, Jakob and Jones, Llion and Gomez, Aidan N and Kaiser, {\L}ukasz and Polosukhin, Illia},
	journal={Advances in neural information processing systems},
	volume={30},
	year={2017}
}

@article{watkins2004econometric,
	title={Econometric modelling of non-ferrous metal prices},
	author={Watkins, Clinton and McAleer, Michael},
	journal={Journal of Economic Surveys},
	volume={18},
	number={5},
	pages={651--701},
	year={2004},
	publisher={Wiley Online Library}
}



























@book{ColBenh:93,
  editor    =   "Fr\'ed\'eric Benhamou and Alain Colmerauer" ,
  title     =   "Constraint {L}ogic {P}rogramming, {S}elected {R}esearch",
  publisher =   "MIT Press",
  year      =   "1993"}

@book{ArmsRace1,
  author    =   "L. F. Richardson",
  title     =   "Arms and {I}nsecurity",
  publisher =   "Boxwood",
  address   =   "Pittsburg",
  pages     =   "200--253",
  year      =   "1960"}

@book{ComplexVariables,
  author    =   "R. V. Churchill and J. W. Brown",
  title     =   "Complex {V}ariables and {A}pplications",
  publisher =   "McGraw-Hill",
  pages     =   "215--253",
  year      =   "1990",
  edition   =   "5th"}

@inproceedings{conftypical,
  author    =   "R. K. Gupta and S. D. Senturia",
  title     =   "Pull-in Time Dynamics as a Measure of Absolute Pressure",
  booktitle =   "Proc. {IEEE} Int. Workshop on
                Microelectromechanical Systems $(${MEMS}'97$)$",
  address   =   "Nagoya, Japan",
  month     =   jan,
  year      =   "1997",
  pages     =   "290-294"}

@inproceedings{Moss94,
  author    =   "F. Moss",
  title     =   "Stochastic resonance: From the ice ages to the monkey's ear",
  pages     =   "205--253",
  year      =   "1994",
  crossref  =   "Weiss94"}

@proceedings{Weiss94,
  title     =   "Contemporary {P}roblems in {S}tatistical {P}hysics",
  booktitle =   "Contemporary {P}roblems in {S}tatistical {P}hysics",
  editor    =   "G. H. Weiss",
  publisher =   "SIAM, Philadelphia",
  year      =   "1994"}

@article{best,
    author  =   "Bestbury, Bruce W.",
     title  =   "{$R$}-matrices and the magic square",
   journal  =   "J. Phys. A",
  fjournal  =   "Journal of Physics. A. Mathematical and General",
    volume  =   "36",
      year  =   "2003",
    number  =   "7",
     pages  =   "1947--1959",
      issn  =   "0305-4470",
     coden  =   "JPHAC5",
   mrclass  =   "17B10",
  mrnumber  =   "1 960 703"}

@article{pier,
    author  =   "Deligne, Pierre X. and Gross, Benedict H.",
     title  =   "On the exceptional series, and its descendants",
   journal  =   "C. R. Math. Acad. Sci. Paris",
  fjournal  =   "Comptes Rendus Math\'ematique. Acad\'emie des Sciences. Paris",
    volume  =   "335",
      year  =   "2002",
    number  =   "11",
     pages  =   "877--881",
      issn  =   "1631-073X",
   mrclass  =   "20Gxx",
  mrnumber  =   "1 952 563"}

@article{jame,
    author  =   "Landsberg, James. M. and Manivel, L.",
     title  =   "Triality, exceptional {L}ie algebras and {D}eligne dimension formulas",
   journal  =   "Adv. Math.",
  fjournal  =   "Advances in Mathematics",
    volume  =   "171",
      year  =   "2002",
    number  =   "1",
     pages  =   "59--85",
      issn  =   "0001-8708",
     coden  =   "ADMTA4",
   mrclass  =   "17B20 (17B25)",
  mrnumber  =   "1 933 384",
mrreviewer  =   "Dmitri I. Panyushev"}

@techreport{hobby1992,
     author =   "John D. Hobby",
      title =   "{A User's Manual for MetaPost}",
       year =   "1992",
      month =   "apr",
   language =   "english",
institution =   "AT\&T Bell Laboratories",
    address =   "Murray Hill, New Jersey",
       date =   "April 1992",
     number =   "162",
     npages =   "ii+88~pages"}

@techreport{CSTR116,
     author =   "Kernighan, Brian W.",
      title =   "{PIC}---{A} Graphics Language for Typesetting",
       type =   "Computing Science\break Technical Report",
     number =   "116",
institution =   "AT\&T Bell Laboratories",
    address =   "Murray Hill, New Jersey",
       year =   "1984"}

@unpublished{VoQS,
  author    =   "Ball, Martin J. and Esling, John and Dickson, Craig",
  title     =   "{VoQS: Voice Quality Symbols}",
  note      =   "Revised to 1994",
  year      =   "1994"}

@phdthesis{Brown:1988:IEL,
  author    =   "Marcus E. Brown",
  title     =   "An Interactive Environment for Literate Programming",
  school    =   "Texas A\&M University",
  address   =   "TX, USA",
  pages     =   "ix + 102",
  month     =   "aug",
  year      =   "1988"}

@inbook{inbook,
  author    =   "D. W. Baker and N. L. Carter",
  year      =   "1972",
  editor    =   "H. C. Heard and I. V. Borg and N. L. Carter and C. B. Raleigh",
  title     =   "Seismic {V}elocity {A}nisotropy {C}alculated for {U}ltramafic {M}inerals
                and {A}ggregates",
  booktitle =   "Flow and {F}racture of {R}ocks",
  publisher =   "Am. Geophys. Union",
  series    =   "Geophys. Mono.",
  volume    =   "16",
  pages     =   "157--166"}

@mastersthesis{segms,
  author    =   "G[unter] S[ergei] Lodha",
  title     =   "Quantitative interpretation of ariborne
                electromagnetic response for a spherical model",
  school    =   "University of Toronto",
  year      =   "1974"}

@incollection{Jones:Phoneme,
  author    =   "Jones, Daniel",
  title     =   "{The term ``phoneme''}",
  editor    =   "Jones, W. E. and Laver, J.",
  booktitle =   "Phonetics in Linguistics: A Book of Reading",
  publisher =   "Longman",
  address   =   "London",
  pages     =   "187--204",
  year      =   "1973"}

@booklet{URW:kerning,
  author       = "Bill Murrey",
  title        = "Kerning on the Fly",
  howpublished = "URW Non-Plus-Ultra Typography series",
  address      = "Pittsburg",
  year         = "1991"}

@misc{netpbm,
  author    =   "Bill Davidsen",
  title     =   "NETPBM",
  year      =   "1993",
  note      =   "\url{ftp://ftp.wustl.edu/graphics/graphics/packages/NetPBM}."}
